@misc{main_article,
  doi = {10.48550/ARXIV.2208.01366},
  
  url = {https://arxiv.org/abs/2208.01366},
  
  author = {McIlroy-Young, Reid and Wang, Russell and Sen, Siddhartha and Kleinberg, Jon and Anderson, Ashton},
  
  keywords = {Artificial Intelligence (cs.AI), Machine Learning (cs.LG), FOS: Computer and information sciences, FOS: Computer and information sciences},
  
  title = {Detecting Individual Decision-Making Style: Exploring Behavioral Stylometry in Chess},
  
  publisher = {arXiv},
  
  year = {2022},
  
  copyright = {arXiv.org perpetual, non-exclusive license}
}

@misc{ge2e,
  doi = {10.48550/ARXIV.1710.10467},
  
  url = {https://arxiv.org/abs/1710.10467},
  
  author = {Wan, Li and Wang, Quan and Papir, Alan and Moreno, Ignacio Lopez},
  
  keywords = {Audio and Speech Processing (eess.AS), Computation and Language (cs.CL), Machine Learning (cs.LG), Machine Learning (stat.ML), FOS: Electrical engineering, electronic engineering, information engineering, FOS: Electrical engineering, electronic engineering, information engineering, FOS: Computer and information sciences, FOS: Computer and information sciences},
  
  title = {Generalized End-to-End Loss for Speaker Verification},
  
  publisher = {arXiv},
  
  year = {2017},
  
  copyright = {arXiv.org perpetual, non-exclusive license}
}

@inproceedings{Prototypical_learning,
 author = {Snell, Jake and Swersky, Kevin and Zemel, Richard},
 booktitle = {Advances in Neural Information Processing Systems},
 editor = {I. Guyon and U. Von Luxburg and S. Bengio and H. Wallach and R. Fergus and S. Vishwanathan and R. Garnett},
 pages = {},
 publisher = {Curran Associates, Inc.},
 title = {Prototypical Networks for Few-shot Learning},
 url = {https://proceedings.neurips.cc/paper/2017/file/cb8da6767461f2812ae4290eac7cbc42-Paper.pdf},
 volume = {30},
 year = {2017}
}

@article{maia,
  author    = {Reid McIlroy{-}Young and
               Siddhartha Sen and
               Jon M. Kleinberg and
               Ashton Anderson},
  title     = {Aligning Superhuman {AI} and Human Behavior: Chess as a Model System},
  journal   = {CoRR},
  volume    = {abs/2006.01855},
  year      = {2020},
  url       = {https://arxiv.org/abs/2006.01855},
  eprinttype = {arXiv},
  eprint    = {2006.01855},
  timestamp = {Mon, 08 Jun 2020 15:48:39 +0200},
  biburl    = {https://dblp.org/rec/journals/corr/abs-2006-01855.bib},
  bibsource = {dblp computer science bibliography, https://dblp.org}
}